%YAML 1.1
%TAG !u! tag:unity3d.com,2011:
--- !u!1 &5472834748219014342
GameObject:
  m_ObjectHideFlags: 0
  m_CorrespondingSourceObject: {fileID: 0}
  m_PrefabInstance: {fileID: 0}
  m_PrefabAsset: {fileID: 0}
  serializedVersion: 6
  m_Component:
  - component: {fileID: 5472834748219014343}
  - component: {fileID: 192321441808400180}
  - component: {fileID: 5472834748219014340}
  - component: {fileID: 5472834748219014341}
  - component: {fileID: 5472834748219014338}
  - component: {fileID: 6739629695753694555}
  - component: {fileID: 8697124575597244207}
  - component: {fileID: 701777805970232104}
  - component: {fileID: 2594660042269412372}
  - component: {fileID: 8798669642747688829}
  m_Layer: 8
  m_Name: BabyCrab
  m_TagString: Untagged
  m_Icon: {fileID: 0}
  m_NavMeshLayer: 0
  m_StaticEditorFlags: 0
  m_IsActive: 1
--- !u!4 &5472834748219014343
Transform:
  m_ObjectHideFlags: 0
  m_CorrespondingSourceObject: {fileID: 0}
  m_PrefabInstance: {fileID: 0}
  m_PrefabAsset: {fileID: 0}
  m_GameObject: {fileID: 5472834748219014342}
  m_LocalRotation: {x: 0, y: 0, z: 0, w: 1}
  m_LocalPosition: {x: 1.1632814, y: -5.7681823, z: -8.724841}
  m_LocalScale: {x: 1, y: 1, z: 1}
  m_Children:
  - {fileID: 5472834750008804739}
  - {fileID: 418620759070140519}
  - {fileID: 251279469497444513}
  m_Father: {fileID: 0}
  m_RootOrder: 0
  m_LocalEulerAnglesHint: {x: 0, y: 0, z: 0}
--- !u!114 &192321441808400180
MonoBehaviour:
  m_ObjectHideFlags: 0
  m_CorrespondingSourceObject: {fileID: 0}
  m_PrefabInstance: {fileID: 0}
  m_PrefabAsset: {fileID: 0}
  m_GameObject: {fileID: 5472834748219014342}
  m_Enabled: 1
  m_EditorHideFlags: 0
  m_Script: {fileID: 11500000, guid: 9c5d805cdd4f5014585a3edfd744b08b, type: 3}
  m_Name: 
  m_EditorClassIdentifier: 
  _defaultBehavior: 2
  _health: {fileID: 6739629695753694555}
  _rigidbody: {fileID: 5472834748219014338}
  _animator: {fileID: 5472834748219014340}
  _player: {fileID: 0}
  _ice: {fileID: 2594660042269412372}
  _lightning: {fileID: 701777805970232104}
  _iceSpeedMod: 2
  StandardSpeed: 5
  _directionChangeRate: {x: 1, y: 4}
--- !u!95 &5472834748219014340
Animator:
  serializedVersion: 3
  m_ObjectHideFlags: 0
  m_CorrespondingSourceObject: {fileID: 0}
  m_PrefabInstance: {fileID: 0}
  m_PrefabAsset: {fileID: 0}
  m_GameObject: {fileID: 5472834748219014342}
  m_Enabled: 1
  m_Avatar: {fileID: 0}
  m_Controller: {fileID: 9100000, guid: 07cfed4c5a1fae14292fe0e8c4102015, type: 2}
  m_CullingMode: 0
  m_UpdateMode: 0
  m_ApplyRootMotion: 0
  m_LinearVelocityBlending: 0
  m_WarningMessage: 
  m_HasTransformHierarchy: 1
  m_AllowConstantClipSamplingOptimization: 1
  m_KeepAnimatorControllerStateOnDisable: 0
--- !u!70 &5472834748219014341
CapsuleCollider2D:
  m_ObjectHideFlags: 0
  m_CorrespondingSourceObject: {fileID: 0}
  m_PrefabInstance: {fileID: 0}
  m_PrefabAsset: {fileID: 0}
  m_GameObject: {fileID: 5472834748219014342}
  m_Enabled: 1
  m_Density: 1
  m_Material: {fileID: 0}
  m_IsTrigger: 0
  m_UsedByEffector: 0
  m_UsedByComposite: 0
  m_Offset: {x: 0, y: -0.16}
  m_Size: {x: 4.83, y: 2.26}
  m_Direction: 1
--- !u!50 &5472834748219014338
Rigidbody2D:
  serializedVersion: 4
  m_ObjectHideFlags: 0
  m_CorrespondingSourceObject: {fileID: 0}
  m_PrefabInstance: {fileID: 0}
  m_PrefabAsset: {fileID: 0}
  m_GameObject: {fileID: 5472834748219014342}
  m_BodyType: 0
  m_Simulated: 1
  m_UseFullKinematicContacts: 0
  m_UseAutoMass: 0
  m_Mass: 1
  m_LinearDrag: 0
  m_AngularDrag: 0.05
  m_GravityScale: 0
  m_Material: {fileID: 0}
  m_Interpolate: 0
  m_SleepingMode: 1
  m_CollisionDetection: 0
  m_Constraints: 4
--- !u!114 &6739629695753694555
MonoBehaviour:
  m_ObjectHideFlags: 0
  m_CorrespondingSourceObject: {fileID: 0}
  m_PrefabInstance: {fileID: 0}
  m_PrefabAsset: {fileID: 0}
  m_GameObject: {fileID: 5472834748219014342}
  m_Enabled: 1
  m_EditorHideFlags: 0
  m_Script: {fileID: 11500000, guid: 61a9d461dca009f4e86ebdd6e650d846, type: 3}
  m_Name: 
  m_EditorClassIdentifier: 
  _maxHealth: 10
  _currentHealth: 10
  _isInvinsible: 0
  enfeebleDamageModifier: 0.5
  _invincibilityFrames: 5
  _spriteFlasher: {fileID: 0}
  audioClipName: CrabGuts
  deathSFX: DeadBaby
  _damageEffect: {fileID: 0}
  _damageAvoidEffect: {fileID: 0}
  _deathEffect: {fileID: 8328535341632669475, guid: 8953bed3ff2712c408f750e6484c2ddd, type: 3}
  _onDamage:
    m_PersistentCalls:
      m_Calls: []
  _onHeal:
    m_PersistentCalls:
      m_Calls: []
  _onDeath:
    m_PersistentCalls:
      m_Calls:
      - m_Target: {fileID: 5472834748219014342}
        m_TargetAssemblyTypeName: UnityEngine.GameObject, UnityEngine
        m_MethodName: SetActive
        m_Mode: 6
        m_Arguments:
          m_ObjectArgument: {fileID: 0}
          m_ObjectArgumentAssemblyTypeName: UnityEngine.Object, UnityEngine
          m_IntArgument: 0
          m_FloatArgument: 0
          m_StringArgument: 
          m_BoolArgument: 0
        m_CallState: 2
  _onDamageAttempt:
    m_PersistentCalls:
      m_Calls: []
  _hitImmuneSFX: 
--- !u!114 &8697124575597244207
MonoBehaviour:
  m_ObjectHideFlags: 0
  m_CorrespondingSourceObject: {fileID: 0}
  m_PrefabInstance: {fileID: 0}
  m_PrefabAsset: {fileID: 0}
  m_GameObject: {fileID: 5472834748219014342}
  m_Enabled: 1
  m_EditorHideFlags: 0
  m_Script: {fileID: 11500000, guid: 401cca2156af7b94287ebf3e95ae0b5d, type: 3}
  m_Name: 
  m_EditorClassIdentifier: 
  _paintColor: 0
--- !u!114 &701777805970232104
MonoBehaviour:
  m_ObjectHideFlags: 0
  m_CorrespondingSourceObject: {fileID: 0}
  m_PrefabInstance: {fileID: 0}
  m_PrefabAsset: {fileID: 0}
  m_GameObject: {fileID: 5472834748219014342}
  m_Enabled: 1
  m_EditorHideFlags: 0
  m_Script: {fileID: 11500000, guid: 6959436721ceab14b8c3ef638410e976, type: 3}
  m_Name: 
  m_EditorClassIdentifier: 
  _paintColor: 1
  _lightningAura: {fileID: 3100024277745691801}
  _lightningProjectile: {fileID: 5017828517288748533, guid: b7de74a52afeeed41a5093a06abcaf0e, type: 3}
--- !u!114 &2594660042269412372
MonoBehaviour:
  m_ObjectHideFlags: 0
  m_CorrespondingSourceObject: {fileID: 0}
  m_PrefabInstance: {fileID: 0}
  m_PrefabAsset: {fileID: 0}
  m_GameObject: {fileID: 5472834748219014342}
  m_Enabled: 1
  m_EditorHideFlags: 0
  m_Script: {fileID: 11500000, guid: 04052865eadcb664ba33ea4f1da342b5, type: 3}
  m_Name: 
  m_EditorClassIdentifier: 
  _paintColor: 3
--- !u!114 &8798669642747688829
MonoBehaviour:
  m_ObjectHideFlags: 0
  m_CorrespondingSourceObject: {fileID: 0}
  m_PrefabInstance: {fileID: 0}
  m_PrefabAsset: {fileID: 0}
  m_GameObject: {fileID: 5472834748219014342}
  m_Enabled: 1
  m_EditorHideFlags: 0
  m_Script: {fileID: 11500000, guid: 79f5cb4fe71edf045a30409cc628331b, type: 3}
  m_Name: 
  m_EditorClassIdentifier: 
  ignorePaint: 0
  _pdc: {fileID: 6842930508016036500}
  _checkRate: 0.3
  _redEvent:
    m_PersistentCalls:
      m_Calls:
      - m_Target: {fileID: 6739629695753694555}
        m_TargetAssemblyTypeName: Health, Assembly-CSharp
        m_MethodName: Heal
        m_Mode: 4
        m_Arguments:
          m_ObjectArgument: {fileID: 0}
          m_ObjectArgumentAssemblyTypeName: UnityEngine.Object, UnityEngine
          m_IntArgument: 0
          m_FloatArgument: 0.5
          m_StringArgument: 
          m_BoolArgument: 0
        m_CallState: 2
      - m_Target: {fileID: 8697124575597244207}
        m_TargetAssemblyTypeName: BossPaintColorManager, Assembly-CSharp
        m_MethodName: SetColor
        m_Mode: 5
        m_Arguments:
          m_ObjectArgument: {fileID: 0}
          m_ObjectArgumentAssemblyTypeName: UnityEngine.Object, UnityEngine
          m_IntArgument: 0
          m_FloatArgument: 0
          m_StringArgument: Red
          m_BoolArgument: 0
        m_CallState: 2
  _yellowEvent:
    m_PersistentCalls:
      m_Calls:
      - m_Target: {fileID: 6739629695753694555}
        m_TargetAssemblyTypeName: Health, Assembly-CSharp
        m_MethodName: Enfeeble
        m_Mode: 1
        m_Arguments:
          m_ObjectArgument: {fileID: 0}
          m_ObjectArgumentAssemblyTypeName: UnityEngine.Object, UnityEngine
          m_IntArgument: 0
          m_FloatArgument: 0
          m_StringArgument: 
          m_BoolArgument: 0
        m_CallState: 2
      - m_Target: {fileID: 8697124575597244207}
        m_TargetAssemblyTypeName: BossPaintColorManager, Assembly-CSharp
        m_MethodName: SetColor
        m_Mode: 5
        m_Arguments:
          m_ObjectArgument: {fileID: 0}
          m_ObjectArgumentAssemblyTypeName: UnityEngine.Object, UnityEngine
          m_IntArgument: 0
          m_FloatArgument: 0
          m_StringArgument: Yellow
          m_BoolArgument: 0
        m_CallState: 2
  _blueEvent:
    m_PersistentCalls:
      m_Calls:
      - m_Target: {fileID: 6739629695753694555}
        m_TargetAssemblyTypeName: Health, Assembly-CSharp
        m_MethodName: PulseBlue
        m_Mode: 1
        m_Arguments:
          m_ObjectArgument: {fileID: 0}
          m_ObjectArgumentAssemblyTypeName: UnityEngine.Object, UnityEngine
          m_IntArgument: 0
          m_FloatArgument: 0
          m_StringArgument: 
          m_BoolArgument: 0
        m_CallState: 2
      - m_Target: {fileID: 8697124575597244207}
        m_TargetAssemblyTypeName: BossPaintColorManager, Assembly-CSharp
        m_MethodName: SetColor
        m_Mode: 5
        m_Arguments:
          m_ObjectArgument: {fileID: 0}
          m_ObjectArgumentAssemblyTypeName: UnityEngine.Object, UnityEngine
          m_IntArgument: 0
          m_FloatArgument: 0
          m_StringArgument: Blue
          m_BoolArgument: 0
        m_CallState: 2
  _greenEvent:
    m_PersistentCalls:
      m_Calls:
      - m_Target: {fileID: 8697124575597244207}
        m_TargetAssemblyTypeName: BossPaintColorManager, Assembly-CSharp
        m_MethodName: SetColor
        m_Mode: 5
        m_Arguments:
          m_ObjectArgument: {fileID: 0}
          m_ObjectArgumentAssemblyTypeName: UnityEngine.Object, UnityEngine
          m_IntArgument: 0
          m_FloatArgument: 0
          m_StringArgument: Green
          m_BoolArgument: 0
        m_CallState: 2
  _noColorEvent:
    m_PersistentCalls:
      m_Calls:
      - m_Target: {fileID: 8697124575597244207}
        m_TargetAssemblyTypeName: BossPaintColorManager, Assembly-CSharp
        m_MethodName: SetColor
        m_Mode: 5
        m_Arguments:
          m_ObjectArgument: {fileID: 0}
          m_ObjectArgumentAssemblyTypeName: UnityEngine.Object, UnityEngine
          m_IntArgument: 0
          m_FloatArgument: 0
          m_StringArgument: Null
          m_BoolArgument: 0
        m_CallState: 2
--- !u!1 &5472834750008804738
GameObject:
  m_ObjectHideFlags: 0
  m_CorrespondingSourceObject: {fileID: 0}
  m_PrefabInstance: {fileID: 0}
  m_PrefabAsset: {fileID: 0}
  serializedVersion: 6
  m_Component:
  - component: {fileID: 5472834750008804739}
  - component: {fileID: 5472834750008804736}
  m_Layer: 8
  m_Name: Visual
  m_TagString: Untagged
  m_Icon: {fileID: 0}
  m_NavMeshLayer: 0
  m_StaticEditorFlags: 0
  m_IsActive: 1
--- !u!4 &5472834750008804739
Transform:
  m_ObjectHideFlags: 0
  m_CorrespondingSourceObject: {fileID: 0}
  m_PrefabInstance: {fileID: 0}
  m_PrefabAsset: {fileID: 0}
  m_GameObject: {fileID: 5472834750008804738}
  m_LocalRotation: {x: 0, y: 0, z: 0, w: 1}
  m_LocalPosition: {x: 0, y: 0, z: 5}
  m_LocalScale: {x: 1.5, y: 1.5, z: 1.5}
  m_Children: []
  m_Father: {fileID: 5472834748219014343}
  m_RootOrder: 0
  m_LocalEulerAnglesHint: {x: 0, y: 0, z: 0}
--- !u!212 &5472834750008804736
SpriteRenderer:
  m_ObjectHideFlags: 0
  m_CorrespondingSourceObject: {fileID: 0}
  m_PrefabInstance: {fileID: 0}
  m_PrefabAsset: {fileID: 0}
  m_GameObject: {fileID: 5472834750008804738}
  m_Enabled: 1
  m_CastShadows: 0
  m_ReceiveShadows: 0
  m_DynamicOccludee: 1
  m_MotionVectors: 1
  m_LightProbeUsage: 1
  m_ReflectionProbeUsage: 1
  m_RayTracingMode: 0
  m_RayTraceProcedural: 0
  m_RenderingLayerMask: 1
  m_RendererPriority: 0
  m_Materials:
  - {fileID: 2100000, guid: a97c105638bdf8b4a8650670310a4cd3, type: 2}
  m_StaticBatchInfo:
    firstSubMesh: 0
    subMeshCount: 0
  m_StaticBatchRoot: {fileID: 0}
  m_ProbeAnchor: {fileID: 0}
  m_LightProbeVolumeOverride: {fileID: 0}
  m_ScaleInLightmap: 1
  m_ReceiveGI: 1
  m_PreserveUVs: 0
  m_IgnoreNormalsForChartDetection: 0
  m_ImportantGI: 0
  m_StitchLightmapSeams: 1
  m_SelectedEditorRenderState: 0
  m_MinimumChartSize: 4
  m_AutoUVMaxDistance: 0.5
  m_AutoUVMaxAngle: 89
  m_LightmapParameters: {fileID: 0}
  m_SortingLayerID: 948043985
  m_SortingLayer: 2
  m_SortingOrder: 0
  m_Sprite: {fileID: 21300000, guid: 278b6eb0e136b324e94899f68004f7ce, type: 3}
  m_Color: {r: 1, g: 1, b: 1, a: 1}
  m_FlipX: 0
  m_FlipY: 0
  m_DrawMode: 0
  m_Size: {x: 3.73, y: 2.23}
  m_AdaptiveModeThreshold: 0.5
  m_SpriteTileMode: 0
  m_WasSpriteAssigned: 1
  m_MaskInteraction: 0
  m_SpriteSortPoint: 0
--- !u!1 &6373033192858086662
GameObject:
  m_ObjectHideFlags: 0
  m_CorrespondingSourceObject: {fileID: 0}
  m_PrefabInstance: {fileID: 0}
  m_PrefabAsset: {fileID: 0}
  serializedVersion: 6
  m_Component:
  - component: {fileID: 251279469497444513}
  - component: {fileID: 5396608081795326578}
  - component: {fileID: 6753545931547736648}
  - component: {fileID: 6842930508016036500}
  m_Layer: 0
  m_Name: ColorDetectionCamera
  m_TagString: Untagged
  m_Icon: {fileID: 0}
  m_NavMeshLayer: 0
  m_StaticEditorFlags: 0
  m_IsActive: 1
--- !u!4 &251279469497444513
Transform:
  m_ObjectHideFlags: 0
  m_CorrespondingSourceObject: {fileID: 0}
  m_PrefabInstance: {fileID: 0}
  m_PrefabAsset: {fileID: 0}
  m_GameObject: {fileID: 6373033192858086662}
  m_LocalRotation: {x: -0, y: -0, z: -0, w: 1}
  m_LocalPosition: {x: 0, y: 0, z: -10}
  m_LocalScale: {x: 1.25, y: 1.25, z: 1}
  m_Children: []
  m_Father: {fileID: 5472834748219014343}
  m_RootOrder: 2
  m_LocalEulerAnglesHint: {x: 0, y: 0, z: 0}
--- !u!20 &5396608081795326578
Camera:
  m_ObjectHideFlags: 0
  m_CorrespondingSourceObject: {fileID: 0}
  m_PrefabInstance: {fileID: 0}
  m_PrefabAsset: {fileID: 0}
  m_GameObject: {fileID: 6373033192858086662}
  m_Enabled: 1
  serializedVersion: 2
  m_ClearFlags: 2
  m_BackGroundColor: {r: 0, g: 0, b: 0, a: 0}
  m_projectionMatrixMode: 1
  m_GateFitMode: 2
  m_FOVAxisMode: 0
  m_SensorSize: {x: 36, y: 24}
  m_LensShift: {x: 0, y: 0}
  m_FocalLength: 50
  m_NormalizedViewPortRect:
    serializedVersion: 2
    x: 0
    y: 0
    width: 1
    height: 1
  near clip plane: 0.3
  far clip plane: 20
  field of view: 60
  orthographic: 1
  orthographic size: 0.8503434
  m_Depth: -1
  m_CullingMask:
    serializedVersion: 2
    m_Bits: 64
  m_RenderingPath: -1
  m_TargetTexture: {fileID: 8400000, guid: 944be20a392f0e14aba5928641d63878, type: 2}
  m_TargetDisplay: 0
  m_TargetEye: 3
  m_HDR: 1
  m_AllowMSAA: 1
  m_AllowDynamicResolution: 0
  m_ForceIntoRT: 0
  m_OcclusionCulling: 1
  m_StereoConvergence: 10
  m_StereoSeparation: 0.022
--- !u!114 &6753545931547736648
MonoBehaviour:
  m_ObjectHideFlags: 0
  m_CorrespondingSourceObject: {fileID: 0}
  m_PrefabInstance: {fileID: 0}
  m_PrefabAsset: {fileID: 0}
  m_GameObject: {fileID: 6373033192858086662}
  m_Enabled: 1
  m_EditorHideFlags: 0
  m_Script: {fileID: 11500000, guid: a79441f348de89743a2939f4d699eac1, type: 3}
  m_Name: 
  m_EditorClassIdentifier: 
  m_RenderShadows: 1
  m_RequiresDepthTextureOption: 2
  m_RequiresOpaqueTextureOption: 2
  m_CameraType: 0
  m_Cameras: []
  m_RendererIndex: -1
  m_VolumeLayerMask:
    serializedVersion: 2
    m_Bits: 1
  m_VolumeTrigger: {fileID: 0}
  m_RenderPostProcessing: 0
  m_Antialiasing: 0
  m_AntialiasingQuality: 2
  m_StopNaN: 0
  m_Dithering: 0
  m_ClearDepth: 1
  m_AllowXRRendering: 1
  m_RequiresDepthTexture: 0
  m_RequiresColorTexture: 0
  m_Version: 2
--- !u!114 &6842930508016036500
MonoBehaviour:
  m_ObjectHideFlags: 0
  m_CorrespondingSourceObject: {fileID: 0}
  m_PrefabInstance: {fileID: 0}
  m_PrefabAsset: {fileID: 0}
  m_GameObject: {fileID: 6373033192858086662}
  m_Enabled: 1
  m_EditorHideFlags: 0
  m_Script: {fileID: 11500000, guid: 49b25834c7930f240a710a1e2948fd68, type: 3}
  m_Name: 
  m_EditorClassIdentifier: 
  absorbtionRange: 6
  absorbtionRate: 0
  colorResolutionShader: {fileID: 7200000, guid: 515edc72649fad84b9f696653a6f4837, type: 3}
  mode: 2
  coveragePercentageThreshold: 0.25
--- !u!1001 &5472834750072048891
PrefabInstance:
  m_ObjectHideFlags: 0
  serializedVersion: 2
  m_Modification:
    m_TransformParent: {fileID: 5472834748219014343}
    m_Modifications:
    - target: {fileID: 5637476945258063004, guid: d4c14c444ba8c26468a7c1246e6d8806, type: 3}
      propertyPath: m_RootOrder
      value: 1
      objectReference: {fileID: 0}
    - target: {fileID: 5637476945258063004, guid: d4c14c444ba8c26468a7c1246e6d8806, type: 3}
      propertyPath: m_LocalScale.x
      value: 6.948216
      objectReference: {fileID: 0}
    - target: {fileID: 5637476945258063004, guid: d4c14c444ba8c26468a7c1246e6d8806, type: 3}
      propertyPath: m_LocalScale.y
      value: 4.105613
      objectReference: {fileID: 0}
    - target: {fileID: 5637476945258063004, guid: d4c14c444ba8c26468a7c1246e6d8806, type: 3}
      propertyPath: m_LocalPosition.x
      value: 0.0527
      objectReference: {fileID: 0}
    - target: {fileID: 5637476945258063004, guid: d4c14c444ba8c26468a7c1246e6d8806, type: 3}
      propertyPath: m_LocalPosition.y
      value: 0.3684
      objectReference: {fileID: 0}
    - target: {fileID: 5637476945258063004, guid: d4c14c444ba8c26468a7c1246e6d8806, type: 3}
      propertyPath: m_LocalPosition.z
      value: 0
      objectReference: {fileID: 0}
    - target: {fileID: 5637476945258063004, guid: d4c14c444ba8c26468a7c1246e6d8806, type: 3}
      propertyPath: m_LocalRotation.w
      value: 1
      objectReference: {fileID: 0}
    - target: {fileID: 5637476945258063004, guid: d4c14c444ba8c26468a7c1246e6d8806, type: 3}
      propertyPath: m_LocalRotation.x
      value: -0
      objectReference: {fileID: 0}
    - target: {fileID: 5637476945258063004, guid: d4c14c444ba8c26468a7c1246e6d8806, type: 3}
      propertyPath: m_LocalRotation.y
      value: -0
      objectReference: {fileID: 0}
    - target: {fileID: 5637476945258063004, guid: d4c14c444ba8c26468a7c1246e6d8806, type: 3}
      propertyPath: m_LocalRotation.z
      value: -0
      objectReference: {fileID: 0}
    - target: {fileID: 5637476945258063004, guid: d4c14c444ba8c26468a7c1246e6d8806, type: 3}
      propertyPath: m_LocalEulerAnglesHint.x
      value: 0
      objectReference: {fileID: 0}
    - target: {fileID: 5637476945258063004, guid: d4c14c444ba8c26468a7c1246e6d8806, type: 3}
      propertyPath: m_LocalEulerAnglesHint.y
      value: 0
      objectReference: {fileID: 0}
    - target: {fileID: 5637476945258063004, guid: d4c14c444ba8c26468a7c1246e6d8806, type: 3}
      propertyPath: m_LocalEulerAnglesHint.z
      value: 0
      objectReference: {fileID: 0}
    - target: {fileID: 6986795591244914786, guid: d4c14c444ba8c26468a7c1246e6d8806, type: 3}
      propertyPath: m_Name
      value: Lightning Aura
      objectReference: {fileID: 0}
    - target: {fileID: 6986795591244914786, guid: d4c14c444ba8c26468a7c1246e6d8806, type: 3}
      propertyPath: m_IsActive
      value: 0
      objectReference: {fileID: 0}
    m_RemovedComponents: []
  m_SourcePrefab: {fileID: 100100000, guid: d4c14c444ba8c26468a7c1246e6d8806, type: 3}
--- !u!1 &3100024277745691801 stripped
GameObject:
  m_CorrespondingSourceObject: {fileID: 6986795591244914786, guid: d4c14c444ba8c26468a7c1246e6d8806, type: 3}
  m_PrefabInstance: {fileID: 5472834750072048891}
  m_PrefabAsset: {fileID: 0}
--- !u!4 &418620759070140519 stripped
Transform:
  m_CorrespondingSourceObject: {fileID: 5637476945258063004, guid: d4c14c444ba8c26468a7c1246e6d8806, type: 3}
  m_PrefabInstance: {fileID: 5472834750072048891}
  m_PrefabAsset: {fileID: 0}
